% References

@Misc{ acceleoForum,
	title = "Acceleo Official Forum",
	author = "Acceleo Developers",
	howpublished = "\url{http://stackoverflow.com/questions/tagged/acceleo}",
	year = "2012",
	note = "[Online; accessed 28-August-2012]"
}

@Misc{ wsimport,
	title = "wsimport - Java API for XML Web Services (JAX-WS) 2.0",
	author = "Oracle",
	howpublished = "\url{http://docs.oracle.com/javase/6/docs/technotes/tools/share/wsimport.html}",
	year = "2011",
	note = "[Online; accessed 26-August-2012]"
}

@Misc{ AcceleoPresentation,
	title = "Acceleo Presentation",
	author = "Obeo",
	howpublished = "\url{http://www.acceleo.org/pages/home/en}",
	year = "2008",
	note = "[Online; accessed 23-August-2012]"
}

@Misc{ XMIandMOF,
	title = "XMI and MOF: a mini-tutorial. Presented at XSE2001",
	author = "Perdita Stevens",
	howpublished = "\url{http://homepages.inf.ed.ac.uk/perdita/XMI/tutslides2up.pdf}",
	year = "2001",
	note = "[Online; accessed 22-August-2012]"
}

@Book{ Steinberg2009EMF,
 author = "Steinberg David and Budinsky Frank and Paternostro Marcelo and Merks Ed}",
 title = "EMF: Eclipse Modeling Framework 2.0",
 year = "2009",
 isbn = "0321331885",
 edition = "2nd",
 publisher = "Addison-Wesley Professional"
} 

@Misc{ AcceleoArchitectureWeb,
	title = "Acceleo Architecture",
	author = "Acceleo.org",
	howpublished = "\url{http://www.acceleo.org/pages/architecture/en}",
	year = "2012",
	note = "[Online; accessed 22-August-2012]"
}

@manual{ UML20OCL,
  author = "OMG",
  title = "OCL 2.0",
  year = "2006",
  note = "OMG doc. ptc/06-05-01"
}

@Misc{ AcceleoUserGuide,
	title = "Acceleo User Guide",
	author = "Obeo",
	howpublished = "\url{http://www.acceleo.org/doc/obeo/en/acceleo-2.6-user-guide.pdf}",
	year = "2008",
	note = "[Online; accessed 20-August-2012]"
}

@Misc{ EcoreAPI,
	title = "Ecore API",
	author = "Eclipse Foundation",
	howpublished = "\url{http://download.eclipse.org/modeling/emf/emf/javadoc/2.8.0/org/eclipse/emf/ecore/package-summary.html}",
	year = "2012",
	note = "[Online; accessed 11-August-2012]"
}

@Misc{ EcoreExample,
	title = "Eclipse Modeling Framework (EMF) - Tutorial",
	author = "Lars Vogel",
	howpublished = "\url{http://www.vogella.com/articles/EclipseEMF/article.html}",
	year = "2012",
	note = "[Online; accessed 11-August-2012]"
}

@INPROCEEDINGS{bpelMobileEngineHackmann06sliver:a,
    author = {Gregory Hackmann and Mart Haitjema and Christopher Gill and Gruia-catalin Roman},
    title = {Sliver: A BPEL Workflow Process Execution Engine for Mobile Devices},
    booktitle = {in: Proceedings of 4th International Conference on Service Oriented Computing (ICSOC},
    year = {2006},
    pages = {503--508},
    publisher = {Springer Verlag}
}

@incollection {bpelMobileEngineMora,
   author = {Gunarathne, Thilina and Premalal, Dinesh and Wijethilake, Tharanga and Kumara, Indika and Kumar, Anushka},
   affiliation = {University of Moratuwa Department of Computer Science and Engineering Sri Lanka},
   title = {BPEL-Mora: Lightweight Embeddable Extensible BPEL Engine},
   booktitle = {Emerging Web Services Technology},
   series = {Whitestein Series in Software Agent Technologies and Autonomic Computing},
   editor = {Pautasso, Cesare and Bussler, Christoph and Walliser, Marius and Brantschen, Stefan and Calisti, Monique and Hempfling, Thomas},
   publisher = {Birkhäuser Basel},
   isbn = {978-3-7643-8448-7},
   keyword = {Computer Science},
   pages = {3-20},
   year = {2007}
}

@INPROCEEDINGS{Czarnecki03classificationof,
    author = {Krzysztof Czarnecki and Simon Helsen},
    title = {Classification of Model Transformation Approaches},
    booktitle = {},
    year = {2003}
}

@Misc{ UnderstandMetamodelling,
	title = "Understanding Metamodelling",
	author = "C. Atkinson and T. Kühne and C. Gonzalez-Perez",
	howpublished = "\url{http://www.er.byu.edu/er2003/slides/ER2003T1HendersonSellers.pdf}",
	year = "2003",
	note = "[Online; accessed 7-July-2012]"
}

@Misc{ M2TandM2M,
	title = "Comparing M2T and M2M Complementary Approaches",
	author = "Hugo Bruneliere and Richard Paige and Goran Olsen",
	howpublished = "\url{http://www.eclipse.org/gmt/omcw/resources/chapter10/downloads/Modelplex-WP6-Training_ComparingM2TandM2M.ppt}",
	year = "2008",
	note = "[Online; accessed 2-July-2012]"
}

@phdthesis{ Papa11,
	author = "Camilla Papa",
	title = "Una Metodologia per la Modellazione di Sistemi Sritici basata su metodi e tecniche di Model Driven Engineering",
	school = "Universit{\`a} Federico II, Napoli",
	address = "Italy",
	year = "2011",
	month = "November"
}

@PhDThesis{ DiLorenzo08,
	author = "Giusy Di Lorenzo",
	title = "Methodologies, architectures and tools for automated service composition in SOA",
	school = "Universit{\`a} Federico II, Napoli",
	address = "Italy",
	year = "2008",
	month = "November"
}

@Article{ Pernici04,
	author = "Pierluigi Plebani {Barbara Pernici}",
	title = "Un’introduzione ragionata al mondo dei Web Service",
	journal = "Mondo Digitale - Upgrade",
	number = "9",
	year = "2004"
}

@Article{ Lukman08,
	author = "Tomaž Lukman and Marjan Mernik",
	title = "Model-Driven Engineering and its introduction with metamodeling tools",
	year = "2008",
	howpublished = "\url{http://dsc.ijs.si/files/papers/S201%20Lukman.pdf}",
	note = "[Online; accessed 30-June-2012]"
}

@InProceedings{ Papazoglou03,
	author = "Mike P. Papazoglou",
	title = "Service-Oriented Computing: Concepts, Characteristics and Directions",
	booktitle = "WISE",
	year = "2003",
	pages = "3--12",
	ee = "http://csdl.computer.org/comp/proceedings/wise/2003/1999/00/19990003abs.htm",
	bibsource = "DBLP, http://dblp.uni-trier.de"
}

@Article{ Peltz03,
	author = "Chris Peltz",
	title = "Web Services Orchestration and Choreography",
	journal = "IEEE Computer",
	volume = "36",
	number = "10",
	year = "2003",
	pages = "46--52",
	ee = "http://csdl.computer.org/comp/mags/co/2003/10/rx046abs.htm",
	bibsource = "DBLP, http://dblp.uni-trier.de"
}

@Article{ Aalst98,
	author = "Wil M. P. {van der Aalst}",
	title = "The Application of Petri Nets to Workflow Management",
	journal = "Journal of Circuits, Systems, and Computers",
	volume = "8",
	number = "1",
	year = "1998",
	pages = "21--66",
	ee = "http://dx.doi.org/10.1142/S0218126698000043",
	bibsource = "DBLP, http://dblp.uni-trier.de"
}

@Article{ AalstHKB03,
	author = "Wil M. P. {van der Aalst} and Arthur H. M. {ter Hofstede} and Bartek Kiepuszewski and Alistair P. Barros",
	title = "Workflow Patterns",
	journal = "Distributed and Parallel Databases",
	volume = "14",
	number = "1",
	year = "2003",
	pages = "5--51",
	ee = "http://dx.doi.org/10.1023/A:1022883727209",
	bibsource = "DBLP, http://dblp.uni-trier.de"
}

@Misc{ Uddi,
	title = "Uddi XML.org",
	url = "http://uddi.xml.org/",
	author = "Oasis Consortium",
	note = "[Online; accessed July-2012]"
}

@Misc{ MDE,
	title = "Model Driven Engineering",
	url = "http://en.wikipedia.org/wiki/Model-driven_engineering",
	author = "Wikipedia",
	note = "[Online; accessed July-2012]"
}

@PhDThesis{ Marrone,
	author = "Giusy Di Lorenzo",
	title = "Un Approccio all’Ingegneria dei Modelli per Sistemi di Elaborazione Critici e Complessi",
	school = "Universit{\`a} Federico II, Napoli",
	address = "Italy"
}

@Misc{ IBMWSDL,
	title = "Using WSDL in SOAP applications",
	author = "IBM",
	howpublished = "\url{http://www.ibm.com/developerworks/library/ws-soap/?dwzone=ws}",
	year = "2000",
	note = "[Online; accessed 10-June-2012]"
}

%******************SSE1 project references*********************************

@Book{ DS-book,
	author = "Dollimore Kindberg Coulouris",
	title = "Distributed Systems-concepts and design",
	edition = "Fourth",
	isbn = "0-321-26354-5",
	year = "2004",
	publisher = "Addison Wesley"
}

@Misc{ RMI-sun,
	title = "Java Remote Method Invocation - Distributed Computing for Java",
	author = "SunMicrosystems",
	howpublished = "\url{http://java.sun.com/javase/technologies/core/basic/rmi/whitepaper/index.jsp}",
	year = "2008",
	note = "[Online; accessed July-2012]"
}

@Misc{ AboutJava-sun,
	title = "Java Technology At-A-Glance",
	author = "SunMicrosystems",
	howpublished = "\url{http://www.sun.com/aboutsun/media/presskits/2006-1113/Java_aag_100306.pdf}",
	year = "2008",
	note = "[Online; accessed June-2012]"
}

@Misc{ RMI-client-sun,
	title = "Java RMI - Creating a Client Program",
	author = "SunMicrosystems",
	howpublished = "\url{http://java.sun.com/docs/books/tutorial/rmi/client.html}",
	year = "2008",
	note = "[Online; accessed July-2012]"
}

@Misc{ RMI-overview-sun,
	title = "An Overview of RMI Applications",
	author = "SunMicrosystems",
	howpublished = "\url{http://java.sun.com/docs/books/tutorial/rmi/overview.html}",
	year = "2008",
	note = "[Online; accessed July-2012]"
}

@Misc{ DS-course,
	title = "Introduction to Distributed Systems",
	author = "Brian Nielsen",
	howpublished = "\url{http://www.cs.aau.dk/~bnielsen/DS-E08/}",
	year = "Autumn 2008"
}

@Misc{ BPEL-oasis,
	title = "WS-BPEL 2.0",
	author = "OASIS",
	howpublished = "\url{http://docs.oasis-open.org/wsbpel/2.0/wsbpel-v2.0.pdf}",
	year = "2008",
	note = "[Online; accessed July-2012]"
}

@Misc{ BPEL-ecplise,
	title = "WS-BPEL 2.0 Tutorial",
	author = "Antony Miguel",
	howpublished = "\url{http://www.eclipse.org/tptp/platform/documents/design/choreography_html/tutorials/wsbpel_tut.html}",
	year = "2005",
	note = "[Online; accessed July-2012]"
}

@Misc{ Soap,
	title = "Simple Object Access Protocol",
	author = "Jack Koftikian",
	howpublished = "\url{www.sts.tu-harburg.de/pw-and-m-theses/2001/Koft01.pdf}",
	year = "2001",
	note = "[Online; accessed July-2012]"
}

@Misc{ FIXMESOAP-performanceTest BROKEN LINK,
	title = "Performance Test Results (SOAP, RMI, JAX-RPC)",
	author = "Dennis M. Sosnoski",
	howpublished = "\url{http://sosnoski.com/presents/cleansoap/results.html}",
	year = "2008",
	note = "[Online; accessed December-2008]"
}

@Misc{ SOAP-understanding,
	title = "Understanding the Simple Object Access Protocol (SOAP)",
	author = "Mark C. Stiver {Kennard Scribner}",
	howpublished = "\url{http://www.developer.com/services/article.php/641321}",
	year = "2008",
	note = "[Online; accessed July-2012]"
}

@Misc{ BPEL-introduction,
	title = "An Introduction to BPEL",
	author = "Kumar Raj Moorthy",
	howpublished = "\url{http://www.developer.com/services/article.php/3609381}",
	year = "2008",
	note = "[Online; accessed July-2012]"
}

@Article{ RMI-art1,
	author = "Matjaz B. Juric and Bostjan Kezmah and Marjan Hericko and Ivan Rozman and Ivan Vezocnik",
	title = "Java RMI, RMI tunneling and Web services comparison and performance analysis",
	journal = "SIGPLAN Not.",
	volume = "39",
	number = "5",
	year = "2004",
	issn = "0362-1340",
	pages = "58--65",
	doi = "http://doi.acm.org/10.1145/997140.997146",
	publisher = "ACM",
	address = "New York, NY, USA"
}

@Article{ RMI-art2,
	author = "N.A.B. Gray",
	title = "Comparison of Web Services, Java-RMI, and CORBA service implementations",
	journal = "w",
	year = "2004"
}

@Article{ Juric00java2,
	author = "Matjaz B. Juric and Ivan Rozman and Simon Nash",
	title = "Java 2 distributed object middleware performance analysis and optimization",
	booktitle = "SIGPLAN Notices 35(8), Aug. 2000, ACM",
	year = "2000",
	pages = "31--40",
	journal = "w",
	publisher = "ACM Press"
}

@Misc{ BPELonWikipedia,
	author = "Wikipedia",
	title = "Business Process Execution Language --- Wikipedia{,} The Free Encyclopedia",
	year = "2008",
	howpublished = "\url{http://en.wikipedia.org/w/index.php?title=Business_Process_Execution_Language&oldid=251564543}",
	note = "[Online; accessed July-2012]"
}

@Misc{ BPELenginesComparisonOnWikipedia,
	title = "Comparison of BPEL engines",
	author = "Jayvdb",
	howpublished = "\url{http://en.wikipedia.org/w/index.php?title=User:Jayvdb/Comparison_of_BPEL_engines&oldid=248809065}",
	year = "2008",
	note = "[Online; accessed July-2012]"
}

@Misc{ OraBPELRMIInvocation,
	title = "Invoking a BPEL Process in Oracle BPEL Engine",
	author = "Eclipse",
	howpublished = "\url{http://www.eclipse.org/tptp/platform/documents/design/choreography_html/tutorials/wsbpel_tut.html}",
	note = "[Online; accessed July-2012]"
}

@Misc{ ebPML.org,
	title = "Website dedicated to the standards, technologies and products of Service Oriented Computing, Business Process Management and Model Driven Architectures. ",
	author = "ebpml.org",
	howpublished = "\url{http://www.ebpml.org/bpel4ws.htm}",
	year = "2008",
	note = "[Online; accessed July-2012]"
}

@Misc{ RMI-art4,
	title = "Understanding Java RMI Internals",
	author = "Ahamed K Aslam",
	howpublished = "\url{http://www.developer.com/java/ent/article.php/3455311}",
	year = "2008",
	note = "[Online; accessed July-2012]"
}

@Misc{ RMI-art5,
	title = "jGuru Remote Method Invocation (RMI)",
	author = "JGuruGroup",
	howpublished = "\url{http://java.sun.com/developer/onlineTraining/rmi/RMI.html#Comparison}",
	year = "2008",
	note = "[Online; accessed 14-December-2008]"
}

@Misc{ FIXMEBPEL-art1 BROKEN LINK,
	title = "Designing Using the Partner Link Element",
	author = "SunMicrosystems",
	howpublished = "\url{http://developers.sun.com/docs/javacaps/designing/bpelddg.ggbxe.html}",
	year = "2008",
	note = "[Online; accessed 14-December-2008]"
}

@Misc{ RMI-art6,
	title = "Applying the Factory Pattern to Java RMI",
	author = "SunMicrosystems",
	howpublished = "\url{http://java.sun.com/j2se/1.5.0/docs/guide/rmi/Factory.html}",
	year = "2008",
	note = "[Online; accessed July-2012]"
}

@Misc{ ApacheODE,
	title = "Apache ODE -- Architectural overview",
	author = "TheApacheSoftwareFoundation",
	howpublished = "\url{http://ode.apache.org/architectural-overview.html}",
	year = "2008",
	note = "[Online; accessed July-2012]"
}



